@misc{o2007diagnosing,
  title={Diagnosing primary ciliary dyskinesia},
  author={Oâ€™callaghan, Christopher and Chilvers, Mark and Hogg, Claire and Bush, Andrew and Lucas, Jane},
  year={2007},
  publisher={BMJ Publishing Group Ltd and British Thoracic Society}
}

@article{nakhleh2012high,
  title={High prevalence of respiratory ciliary dysfunction in congenital heart disease patients with heterotaxy},
  author={Nakhleh, Nader and Francis, Richard and Giese, Rachel A and Tian, Xin and Li, You and Zariwala, Maimoona A and Yagi, Hisato and Khalifa, Omar and Kureshi, Safina and Chatterjee, Bishwanath and others},
  journal={Circulation},
  pages={CIRCULATIONAHA--111},
  year={2012},
  publisher={Am Heart Assoc}
}

@inproceedings{saisan2001dynamic,
  title={Dynamic texture recognition},
  author={Saisan, Payam and Doretto, Gianfranco and Wu, Ying Nian and Soatto, Stefano},
  booktitle={Computer Vision and Pattern Recognition, 2001. CVPR 2001. Proceedings of the 2001 IEEE Computer Society Conference on},
  volume={2},
  pages={II--II},
  year={2001},
  organization={IEEE}
}

@article{chen2013automatic,
  title={Automatic dynamic texture segmentation using local descriptors and optical flow},
  author={Chen, Jie and Zhao, Guoying and Salo, Mikko and Rahtu, Esa and Pietikainen, Matti},
  journal={IEEE Transactions on Image Processing},
  volume={22},
  number={1},
  pages={326--339},
  year={2013},
  publisher={IEEE}
}

@inproceedings{hyndman2007higher,
  title={Higher-order Autoregressive Models for Dynamic Textures.},
  author={Hyndman, Midori and Jepson, Allan D and Fleet, David J},
  booktitle={BMVC},
  pages={1--10},
  year={2007}
}

@inproceedings{quinn2011novel,
  title={Novel use of differential image velocity invariants to categorize ciliary motion defects},
  author={Quinn, Shannon and Francis, Richard and Lo, Cecilia and Chennubhotla, Chakra},
  booktitle={Biomedical Sciences and Engineering Conference (BSEC), 2011},
  pages={1--4},
  year={2011},
  organization={IEEE}
}

@article{quinn2015automated,
  title={Automated identification of abnormal respiratory ciliary motion in nasal biopsies},
  author={Quinn, Shannon P and Zahid, Maliha J and Durkin, John R and Francis, Richard J and Lo, Cecilia W and Chennubhotla, S Chakra},
  journal={Science translational medicine},
  volume={7},
  number={299},
  pages={299ra124--299ra124},
  year={2015},
  publisher={American Association for the Advancement of Science}
}



@inproceedings{bengio2009curriculum,
  title={Curriculum learning},
  author={Bengio, Yoshua and Louradour, J{\'e}r{\^o}me and Collobert, Ronan and Weston, Jason},
  booktitle={Proceedings of the 26th annual international conference on machine learning},
  pages={41--48},
  year={2009},
  organization={ACM}
}

@article{kingma2014adam,
  title={Adam: A method for stochastic optimization},
  author={Kingma, Diederik and Ba, Jimmy},
  journal={arXiv preprint arXiv:1412.6980},
  year={2014}
}

@article{srivastava2014dropout,
  title={Dropout: a simple way to prevent neural networks from overfitting.},
  author={Srivastava, Nitish and Hinton, Geoffrey E and Krizhevsky, Alex and Sutskever, Ilya and Salakhutdinov, Ruslan},
  journal={Journal of Machine Learning Research},
  volume={15},
  number={1},
  pages={1929--1958},
  year={2014}
}


@article{ioffe2015batch,
  title={Batch normalization: Accelerating deep network training by reducing internal covariate shift},
  author={Ioffe, Sergey and Szegedy, Christian},
  journal={arXiv preprint arXiv:1502.03167},
  year={2015}
}

@inproceedings{mnih2014recurrent,
  title={Recurrent models of visual attention},
  author={Mnih, Volodymyr and Heess, Nicolas and Graves, Alex and others},
  booktitle={Advances in neural information processing systems},
  pages={2204--2212},
  year={2014}
}

@inproceedings{sonderby2015convolutional,
  title={Convolutional LSTM networks for subcellular localization of proteins},
  author={S{\o}nderby, S{\o}ren Kaae and S{\o}nderby, Casper Kaae and Nielsen, Henrik and Winther, Ole},
  booktitle={International Conference on Algorithms for Computational Biology},
  pages={68--80},
  year={2015},
  organization={Springer}
}